<record><leader>00000cas a22000007a 4500</leader><controlfield tag="001">9661354</controlfield><controlfield tag="008">830630d186418uuohudr ne      0    0ger d</controlfield><controlfield tag="009">3783</controlfield><datafield ind1=" " ind2=" " tag="010"><subfield code="a">sn 83035277 </subfield></datafield><datafield ind1=" " ind2=" " tag="040"><subfield code="a">NPY</subfield><subfield code="b">eng</subfield><subfield code="c">NPY</subfield></datafield><datafield ind1="1" ind2=" " tag="029"><subfield code="a">AU@</subfield><subfield code="b">000025840328</subfield></datafield><datafield ind1=" " ind2=" " tag="042"><subfield code="a">msc</subfield></datafield><datafield ind1="1" ind2="0" tag="242"><subfield code="a">Daily Ohio peoples newspaper</subfield><subfield code="y">eng</subfield></datafield><datafield ind1="0" ind2="0" tag="245"><subfield code="a">Ta&#776;gliche Ohio Volkszeitung :</subfield><subfield code="b">ein der wahren Demokratie gewidmetes unabha&#776;ngiges Organ.</subfield></datafield><datafield ind1=" " ind2=" " tag="260"><subfield code="a">Cincinnati, [Ohio] :</subfield><subfield code="b">Fr. Lang, L. Jander &amp; Wm. Sta&#776;ngel,</subfield><subfield code="c">1864-</subfield></datafield><datafield ind1=" " ind2=" " tag="300"><subfield code="a">v. :</subfield><subfield code="b">ill. (chiefly advertisements) ;</subfield><subfield code="c">63 cm.</subfield></datafield><datafield ind1=" " ind2=" " tag="310"><subfield code="a">Daily</subfield></datafield><datafield ind1="0" ind2=" " tag="362"><subfield code="a">Jahrg. 1, no. 1 (Aug. 23, 1864)-</subfield></datafield><datafield ind1=" " ind2=" " tag="500"><subfield code="a">"Democratic."</subfield></datafield><datafield ind1=" " ind2=" " tag="546"><subfield code="a">In German.</subfield></datafield><datafield ind1=" " ind2=" " tag="500"><subfield code="a">Editor: Wm. Sta&#776;ngel.</subfield></datafield><datafield ind1="1" ind2=" " tag="700"><subfield code="a">Lang, Friedrich.</subfield></datafield><datafield ind1="1" ind2=" " tag="700"><subfield code="a">Jander, Louis.</subfield></datafield><datafield ind1="1" ind2=" " tag="700"><subfield code="a">Sta&#776;ngel, William.</subfield></datafield><datafield ind1=" " ind2=" " tag="752"><subfield code="a">United States</subfield><subfield code="b">Ohio</subfield><subfield code="c">Hamilton</subfield><subfield code="d">Cincinnati.</subfield></datafield></record>